@techreport{AtariDeepRI,
	Author = {Mnih, Volodymyr and Kavukcuoglu, Koray and Silver, David and Graves, Alex and Antonoglou, Ioannis and Wierstra, Daan and Riedmiller, Martin},
    Title = {Playing Atari with Deep Reinforcement Learning},
    Year = {2013}
}

@article{jia2014caffe,
  Author = {Jia, Yangqing and Shelhamer, Evan and Donahue, Jeff and Karayev, Sergey and Long, Jonathan and Girshick, Ross and Guadarrama, Sergio and Darrell, Trevor},
  Journal = {arXiv preprint arXiv:1408.5093},
  Title = {Caffe: Convolutional Architecture for Fast Feature Embedding},
  Year = {2014}
}

@{ageron_repo,

Author={Ageron},
Title={handson-ml},
year=2018,
}

@misc{ageron_repo,
  author = {Ageron},
  title = {handson-ml},
  year = {2018},
  publisher = {GitHub},
  journal = {GitHub repository},
  howpublished = {\url{https://github.com/ageron/handson-ml/blob/master/16_reinforcement_learning.ipynb}},
  commit = {1a1d5149a28cd63cb48dadaeaad3a00c104ecdd0}
}
